% This file was created with JabRef 2.5.
% Encoding: UTF-8

@ARTICLE{ELIDRISSI94,
  author = {{Chafik El Idrissi}, M. and {Roney}, A. and {Frigon}, C. and {Larzilli{\`e}re},M.},
  title = {Measurements of total kinetic-energy released to the {$N=2$} dissociation
	limit of {H}$_2$ --- evidence of the dissociation of very high vibrational
	{R}ydberg states of {H}$_2$ by doubly-excited states},
  journal = {Chemical Physics Letters},
  year = {1994},
  volume = {224},
  pages = {260-266},
  number = {10}
}

@BOOK{companion,
  title = {The {\LaTeX} Companion},
  publisher = {Addison-Wesley Publishing Company},
  year = {1994},
  author = {Michel Goosens and Frank Mittelbach and Alexander Samarin},
  pages = {112--125},
  address = {Reading, MA}
}

@BOOK{IEEE-1363,
  title = {{IEEE} Standard Specifications for Public-Key Cryptography},
  publisher = {IEEE},
  year = {2000},
  author = {{IEEE Std 1363-2000}},
  address = {New York}
}

@MASTERSTHESIS{metamori2004,
  author = {Ashwin Raju Jeyakumar},
  title = {Metamori: A library for Incremental File Checkpointing},
  school = {Virgina Tech},
  year = {2004},
  address = {Blacksburg},
  month = {jun 21}
}

@INPROCEEDINGS{DPMG,
  author = {Kim, Sangbum and Woo, Namyoon and Yeom, Heon Y. and Park, Taesoon
	and Park, Hyoungwoo},
  title = {Design and {I}mplementation of {D}ynamic {P}rocess {M}anagement for
	{G}rid-enabled {MPICH}},
  booktitle = {the 10th European PVM/MPI Users' Group Conference},
  year = {2003},
  address = {Venice, Italy},
  month = {sep}
}

@BOOK{tex,
  title = {The {\TeX} Book},
  publisher = {Addison-Wesley Publishing Company},
  year = {1989},
  author = {Donald E. Knuth},
  address = {Reading, MA},
  edition = {15th}
}

@INPROCEEDINGS{kocher99,
  author = {C. Kocher and J. Jaffe and B. Jun},
  title = {Differential Power Analysis},
  booktitle = {Advances in Cryptology ({CRYPTO}~'99)},
  year = {1999},
  editor = {M. Wiener},
  volume = {1666},
  series = {Lecture Notes in Computer Science},
  pages = {388-397},
  month = {August},
  publisher = {Springer-Verlag}
}

@INCOLLECTION{Krasnogor2004e,
  author = {N. Krasnogor},
  title = {Towards robust memetic algorithms},
  booktitle = {Recent Advances in Memetic Algorithms},
  publisher = {Springer Berlin Heidelberg},
  year = {2004},
  editor = {W.E. Hart and N. Krasnogor and J.E. Smith},
  volume = {166},
  series = {Studies in Fuzziness and Soft Computing},
  pages = {185-207},
  address = {New York}
}

@ARTICLE{MELLINGER96,
  author = {Mellinger, A. and Vidal, C. R. and Jungen, Ch.},
  title = {Laser reduced fluorescence study of the carbon-monoxide nd triplet
	{R}ydberg series-experimental results and multichannel quantum-defect
	analysis},
  journal = {J. Chem. Phys.},
  year = {1996},
  volume = {104},
  pages = {8913-8921},
  number = {5}
}

@ARTICLE{SHELL02,
  author = {Michael Shell},
  title = {How to Use the {IEEEtran {\LaTeX}} Class},
  journal = {Journal of {\LaTeX} Class Files},
  year = {2002},
  volume = {12},
  pages = {100--120},
  number = {4}
}

@TECHREPORT{NPB2,
  author = {Alex Woo and David Bailey and Maurice Yarrow and Wijngaart Wijngaart
	and Tim Harris and William Saphir},
  title = {The {NAS} Parallel Benchmarks 2.0},
  institution = {The Pennsylvania State University CiteSeer Archives},
  year = {1995},
  month = {dec 05},
  url = {http://www.nasa.org/}
}

@PHDTHESIS{FistSystem01,
  author = {Erez Zadok},
  title = {{FiST}: A System for Stackable File System Code Generation},
  school = {Computer Science Department, Columbia University},
  year = {2001},
  address = {USA},
  month = {May}
}

@PHDTHESIS{shaheshang,
  author = {沙和尚},
  title = {论流沙河的综合治理},
  school = {清华大学},
  year = {2005},
  address = {北京},
  language = {zh}
}

@MASTERSTHESIS{zhubajie,
  author = {猪八戒},
  title = {论流体食物的持久保存这是一个很长很长的题目用来测试BiBTeX会不会出现乱码貌似北邮的BST工作的很好},
  school = {广寒宫大学},
  year = {2005},
  address = {北京},
  language = {zh}
}

@INPROCEEDINGS{cnproceed,
  author = {王重阳 and 黄药师 and 欧阳峰 and 洪七公 and 段皇帝},
  title = {武林高手从入门到精通},
  booktitle = {第~$N$~次华山论剑},
  year = {2006},
  address = {西安, 中国},
  month = {sep},
  language = {zh}
}

@INCOLLECTION{zjsw,
  author = {班固},
  title = {苏武传},
  booktitle = {传记散文英华},
  publisher = {湖北人民出版社},
  year = {1998},
  editor = {郑在瀛 and 汪超宏 and 周文复},
  volume = {2},
  series = {新古文观止丛书},
  pages = {65-69},
  address = {武汉},
  language = {zh}
}

@ARTICLE{cnarticle,
  author = {贾宝玉 and 林黛玉 and 薛宝钗 and 贾探春},
  title = {论刘姥姥食量大如牛之现实意义},
  journal = {红楼梦杂谈},
  year = {1800},
  volume = {224},
  pages = {260--266},
  language = {zh}
}

@INBOOK{clzs,
  chapter = {大人物还是讲人情的},
  pages = {185-207},
  title = {沧浪之水},
  publisher = {人民文学出版社},
  year = {2001},
  author = {阎真},
  language = {zh}
}

@INPROCEEDINGS{alexnet2012,
  author = {Alex Krizhevsky and Ilya Sutskever and Geoffrey E. Hinton},
  title = {ImageNet Classification with Deep Convolutional Neural Networks},
  booktitle = {Neural Information Processing Systems},
  year = {2012}
}

@ARTICLE{vgg2014,
  author = {Karen Simonyan and Andrew Zisserman},
  title = {Very Deep Convolutional Networks for Large-Scale Image Recognition},
  journal = {Computer Science},
  year = {2014}
}

@INPROCEEDINGS{inception2015,
  author = {Christian Szegedy and Wei Liu and Yangqing Jia and Pierre Sermanet and Scott E. Reed and Dragomir Anguelov and Dumitru Erhan and Vincent Vanhoucke and Andrew Rabinovich},
  title = {Going deeper with convolutions},
  booktitle = {IEEE Conference on Computer Vision and Pattern Recognition},
  year = {2015}
}

@INPROCEEDINGS{resnet2016,
  author = {Kaiming He and Xiangyu Zhang and Shaoqing Ren and Jian Sun},
  title = {Deep Residual Learning for Image Recognition},
  booktitle = {IEEE Conference on Computer Vision and Pattern Recognition},
  year = {2016}
}

@INPROCEEDINGS{denselynet2017,
  author = {Gao Huang and Zhuang Liu and Laurens van der Maaten and Kilian Q. Weinberger},
  title = {Densely Connected Convolutional Networks},
  booktitle = {IEEE Conference on Computer Vision and Pattern Recognition},
  year = {2017}
}

@INPROCEEDINGS{rcnn2014,
  author = {Ross Girshick and Jeff Donahue and Trevor Darrell and Jitendra Malik},
  title = {Rich feature hierarchies for accurate object detection and semantic segmentation},
  booktitle = {IEEE Conference on Computer Vision and Pattern Recognition},
  year = {2014}
}

@INPROCEEDINGS{fastrcnn2015,
  author = {Ross Girshick},
  title = {Fast R-CNN},
  booktitle = { IEEE International Conference on Computer Vision},
  year = {2015}
}

@INPROCEEDINGS{fasterrcnn2015,
  author = {Shaoqing Ren and Kaiming He and Ross B. Girshick and Jian Sun},
  title = {Faster R-CNN: Towards Real-Time Object Detection with Region Proposal Networks},
  booktitle = {Neural Information Processing Systems},
  year = {2015}
}

@INPROCEEDINGS{yolo2016,
  author = {Joseph Redmon and Santosh Kumar Divvala and Ross B. Girshick and Ali Farhadi},
  title = {You Only Look Once: Unified, Real-Time Object Detection},
  booktitle = {IEEE Conference on Computer Vision and Pattern Recognition},
  year = {2016}
}

@INPROCEEDINGS{fpn2017,
  author = {Tsung-Yi Lin and Piotr Dollar and Ross Girshick and Kaiming He and Bharath Hariharan and Serge Belongie},
  title = {Feature Pyramid Networks for Object Detection},
  booktitle = {IEEE Conference on Computer Vision and Pattern Recognition},
  year = {2017}
}

@INPROCEEDINGS{rfcn2016,
  author = {Jifeng Dai and Yi Li and Kaiming He and Jian Sun},
  title = {R-FCN: Object Detection via Region-based Fully Convolutional Networks},
  booktitle = {Neural Information Processing Systems},
  year = {2016}
}

@ARTICLE{gnmt2016,
  author = {Wu Y and Schuster M and Chen Z and et al.},
  title = {Google's Neural Machine Translation System: Bridging the Gap between Human and Machine Translation},
  journal = {},
  year = {2016}
}

@ARTICLE{bert2018,
  author = {Devlin J and Chang M W and Lee K  and et al.},
  title = {BERT: Pre-training of Deep Bidirectional Transformers for Language Understanding},
  journal = {},
  year = {2018}
}

@ARTICLE{tensorflow2016,
  author = {Abadi M and Agarwal A and Barham P and et al.},
  title = {TensorFlow: Large-Scale Machine Learning on Heterogeneous Distributed Systems},
  journal = {},
  year = {2016}
}

@ARTICLE{torch2002,
  author = {Collobert R and Bengio S and Marithoz J},
  title = {Torch: A Modular Machine Learning Software Library},
  journal = {},
  year = {2002}
}

@ARTICLE{mxnet2015,
  author = {Chen T and Li M and Li Y and et al.},
  title = {MXNet: A Flexible and Efficient Machine Learning Library for Heterogeneous Distributed Systems},
  journal = {},
  year = {2015}
}

@ARTICLE{train1hour2017,
  author = {Goyal P and Dollár P and Girshick R and et al.},
  title = {Accurate, Large Minibatch SGD: Training ImageNet in 1 Hour},
  journal = {},
  year = {2017}
}

@ARTICLE{train24min2017,
  author = {Yang You and Zhao Zhang and Cho-Jui Hsieh and James Demmel},
  title = {ImageNet Training in Minutes},
  journal = {},
  year = {2017}
}

@INPROCEEDINGS{dontdecay2018,
  author = {Samuel L. Smith and Pieter-Jan Kindermans and Chris Ying and Quoc V. Le},
  title = {DON’T DECAY THE LEARNING RATE, INCREASE THE BATCH SIZE},
  booktitle = {International Conference on Learning Representations},
  year = {2018}
}

@INPROCEEDINGS{ps2014,
  author = {Mu Li and David G. Andersen and Jun Woo Park and Alexander J. Smola},
  title = {Scaling Distributed Machine Learning with the Parameter Server},
  booktitle = {USENIX Symposium on Operating Systems Design and Implementation},
  year = {2014}
}

@ARTICLE{horovod2018,
  author = {Sergeev A and Del Balso M},
  title = {Horovod: fast and easy distributed deep learning in TensorFlow},
  journal = {},
  year = {2018}
}

@INPROCEEDINGS{mixed2018,
  author = {Paulius Micikevicius and Sharan Narang and Jonah Alben and Gregory Diamos and Erich Elsen},
  title = {MIXED PRECISION TRAINING},
  booktitle = {International Conference on Learning Representations},
  year = {2018}
}

@INPROCEEDINGS{hogwild2011,
  author = {Benjamin Recht and Christopher Ré and Stephen J. Wright and Feng Niu},
  title = {Hogwild: A Lock-Free Approach to Parallelizing Stochastic Gradient Descent},
  booktitle = {Neural Information Processing Systems},
  year = {2011}
}

@INPROCEEDINGS{easgd2015,
  author = {Sixin Zhang and Anna Choromanska and Yann LeCun},
  title = {Deep learning with Elastic Averaging SGD},
  booktitle = {Neural Information Processing Systems},
  year = {2015}
}

@ARTICLE{scaledist2016,
  author = {Peter H. Jin and Qiaochu Yuan and Forrest N. Iandola and Kurt Keutzer},
  title = {How to scale distributed deep learning? },
  journal = {},
  year = {2016}
}

@INPROCEEDINGS{asynmomentum2016,
  author = {Ioannis Mitliagkas and Ce Zhang and Stefan Hadjis and Christopher Ré},
  title = {Asynchrony begets momentum, with an application to deep learning	Ioannis Mitliagkas, Ce Zhang, Stefan Hadjis, Christopher Ré},
  booktitle = {Allerton},
  year = {2016}
}

@ARTICLE{mobilenet2017,
  author = {Howard A G and Zhu M and Chen B and et al},
  title = {MobileNets: Efficient Convolutional Neural Networks for Mobile Vision Applications},
  journal = {},
  year = {2017}
}

@INPROCEEDINGS{shufflenet2018,
  author = {Xiangyu Zhang and Xinyu Zhou and Mengxiao Lin and Jian Sun},
  title = {ShuffleNet: An Extremely Efficient Convolutional Neural Network for Mobile Devices},
  booktitle = {IEEE Conference on Computer Vision and Pattern Recognition},
  year = {2018}
}

@INPROCEEDINGS{sppnet2014,
  author = {Kaiming He and Xiangyu Zhang and Shaoqing Ren and Jian Sun},
  title = {Spatial Pyramid Pooling in Deep Convolutional Networks for Visual Recognition},
  booktitle = {the European Conference on Computer Vision},
  year = {2014}
}

@INPROCEEDINGS{ssd2016,
  author = {Wei Liu and Dragomir Anguelov and Dumitru Erhan and Christian Szegedy},
  title = {SSD: Single Shot MultiBox Detector},
  booktitle = {the European Conference on Computer Vision},
  year = {2016}
}

@INPROCEEDINGS{distbelief2012,
  author = {Jeffrey Dean and Greg Corrado and Rajat Monga and Kai Chen and et al.},
  title = {Large Scale Distributed Deep Networks},
  booktitle = {Neural Information Processing Systems},
  year = {2012}
}

@INPROCEEDINGS{ssp2013,
  author = {Qirong Ho and yJames Cipar and xHenggang Cui and yJin Kyu Kim},
  title = {More Effective Distributed ML via a Stale Synchronous Parallel Parameter Server},
  booktitle = {Neural Information Processing Systems},
  year = {2013}
}

@INPROCEEDINGS{cots2013,
  author = {Adam Coates and Brody Huval and Tao Wang and David J. Wu and Andrew Y. Ng},
  title = {Deep learning with COTS HPC systems},
  booktitle = {International Conference on Machine Learning},
  year = {2013}
}

@INPROCEEDINGS{adam2014,
  author = {Trishul Chilimbi and Yutaka Suzue and Johnson Apacible and Karthik Kalyanaraman},
  title = {Project Adam: Building an Efficient and Scalable Deep Learning Training System},
  booktitle = {USENIX Symposium on Operating Systems Design and Implementation},
  year = {2014}
}

@INPROCEEDINGS{geeps2016,
  author = {Henggang Cui and Hao Zhang and Gregory R. Ganger and Phillip B. Gibbons and Eric P. Xing},
  title = {GeePS: Scalable deep learning on distributed GPUs with a GPU-specialized parameter server},
  booktitle = {European Conference on Computer Systems},
  year = {2016}
}

@INPROCEEDINGS{absp2014,
  author = {Henggang Cui and James Cipar and Qirong Ho and Jin Kyu Kim and Seunghak Lee and Abhimanu Kumar},
  title = {Exploiting bounded staleness to speed up Big Data analytics},
  booktitle = {IEEE International Conference on Autonomic and Trusted Computing},
  year = {2014}
}

@INPROCEEDINGS{posiedon2017,
  author = {Hao Zhang and Zeyu Zheng and Shizhen Xu and Wei Dai and Qirong Ho and et al.},
  title = {Poseidon: An Efficient Communication Interface for Distributed Deep Learning on GPU Clusters},
  booktitle = {IEEE International Conference on Autonomic and Trusted Computing},
  year = {2017}
}

@INPROCEEDINGS{bucketsgd2017,
  author = {Jianmin Chen and Xinghao Pan.y and  Rajat Monga and Samy Bengio},
  title = {REVISITING DISTRIBUTED SYNCHRONOUS SGD},
  booktitle = {International Conference on Learning Representations},
  year = {2017}
}

@INPROCEEDINGS{decentereasgd2017,
  author = {Xiangru Lian and Ce Zhang and Huan Zhang and Cho-Jui Hsieh and Wei Zhang and Ji Liu},
  title = {Can Decentralized Algorithms Outperform Centralized Algorithms? A Case Study for Decentralized Parallel Stochastic Gradient Descent},
  booktitle = {Neural Information Processing Systems},
  year = {2017}
}

@INPROCEEDINGS{dgc2018,
  author = {Yujun Lin and Song Han and Huizi Mao and Yu Wang and William J. Dally},
  title = {DEEP GRADIENT COMPRESSION:REDUCING THE COMMUNICATION BANDWIDTH FOR DISTRIBUTED TRAINING},
  booktitle = {International Conference on Learning Representations},
  year = {2018}
}

@INPROCEEDINGS{focalloss2017,
  author = {Tsung-Yi Lin and Priya Goyal and Ross B. Girshick and Kaiming He and Piotr Dollár},
  title = {Focal Loss for Dense Object Detection},
  booktitle = { IEEE International Conference on Computer Vision},
  year = {2017}
}

@comment{jabref-meta: selector_publisher:}

@comment{jabref-meta: selector_author:}

@comment{jabref-meta: selector_journal:}

@comment{jabref-meta: selector_keywords:}

